This file was created with JabRef 2.1 beta 2.
Encoding: GB2312

@article{钟灿2011结肠息肉的虚拟可视化检查系统,
  title={结肠息肉的虚拟可视化检查系统},
  author={钟灿 and 赵俊 and 张丹枫},
  journal={Chinese Journal of Medical Instrumentation},
  volume={35},
  number={3},
  year={2011}
}

@ARTICLE{path-plannig,
  author = {高向军 and 杨克领},
  title = {虚拟内窥镜的路径规划算法研究},
  journal = {计算机应用研究},
  year = {2011},
  volume = {28},
  number = {3}
}

@article{戴振晖2010虚拟大肠镜横跨式交互导航方法研究与应用,
  title={虚拟大肠镜横跨式交互导航方法研究与应用},
  author={戴振晖 and 张煜 and 江贵平 and 邹水中},
  journal={计算机仿真},
  number={010},
  pages={250--254},
  year={2010}
}

@inproceedings{telea2002augmented,
  title={An augmented fast marching method for computing skeletons and centerlines},
  author={Telea, Alexandru and Van Wijk, Jarke J},
  booktitle={Proceedings of the symposium on Data Visualisation 2002},
  pages={251--ff},
  year={2002},
  organization={Eurographics Association}
}

@article{刘大鹏2010虚拟结肠镜的快速中心路径提取算法,
  title={虚拟结肠镜的快速中心路径提取算法},
  author={刘大鹏 and 孟晓林 and 张煜 and 冯前进},
  journal={中国医学物理学杂志},
  volume={27},
  number={006},
  pages={2254--2257},
  year={2010}
}

@article{吕新荣2009基于医学影像的血管快速提取与可视化,
  title={基于医学影像的血管快速提取与可视化},
  author={吕新荣 and 高新波 and 邹华},
  journal={中国生物医学工程学报},
  volume={28},
  number={4},
  pages={527},
  year={2009},
  publisher={万方数据资源系统}
}

@article{刘利2008数字人体肠道的三维可视化研究,
  title={数字人体肠道的三维可视化研究},
  author={刘利 and 郑小林 and 张绍祥 and 胡南 and 谭立文 and 吴毅},
  journal={第三军医大学学报},
  volume={30},
  number={6},
  pages={481--484},
  year={2008}
}

@article{sethian1996fast,
  title={A fast marching level set method for monotonically advancing fronts},
  author={Sethian, James A},
  journal={Proceedings of the National Academy of Sciences},
  volume={93},
  number={4},
  pages={1591--1595},
  year={1996},
  publisher={National Acad Sciences}
}

@article{monneau2010introduction,
  title={Introduction to the Fast Marching Method},
  author={Monneau, R{\'e}gis},
  year={2010}
}

@mastersthesis{朱维松2008基于距离变换的纤维骨架提取算法研究,
  title={基于距离变换的纤维骨架提取算法研究},
  author={朱维松},
  year={2008},
  school={东华大学}
}

@article{刘俊涛2008一种提取物体线形骨架的新方法,
  title={一种提取物体线形骨架的新方法},
  author={刘俊涛 and 刘文予 and 吴彩华 and 原亮},
  journal={自动化学报},
  volume={34},
  number={6},
  pages={617--622},
  year={2008}
}
 
